





















@article{doi:10.1080/00031305.2020.1816213,
author = {Wei Jiang, Shuang Song, Lin Hou and Hongyu Zhao},
title = {A Set of Efficient Methods to Generate High-Dimensional Binary Data With Specified Correlation Structures},
journal = {The American Statistician},
volume = {75},
number = {3},
pages = {310--322},
year = {2021},
publisher = {Taylor \& Francis},
doi = {10.1080/00031305.2020.1816213},
URL = {  https://doi.org/10.1080/00031305.2020.1816213},
eprint = {https://doi.org/10.1080/00031305.2020.1816213}
}


